
% ---------------------------------- %

% Chapter 1: OVERVIEW. 

@minsc{ref:CernWebsite,
    title         = {Cern Official Website},
    url           = {https://www.home.cern/}
}

@minsc{ref:cerncomplex,
    title          = {Cern Document Server},
    url            = {https://cds.cern.ch/record/2684277}
}

@misc{ref:LIU,
  author       = {J. Coupard, et. al.},
  title        = {LHC Injectors upgrade, Technical design report. Volume I: Protons},
  year         = {2014},
  note         = {CERN-ACC-2014-0337}
}

@misc{ref:Linac4Technical,
  author       = {L. Arnaudon, et. al.},
  title        = {Linac4 Technical Design Report},
  year         = {2006},
  note         = {CERN-AB-2006-084}
}

@article{ref:SourceCite,
  author          = {D.A. Fink, et. al.},
  journal         = {Nuclear Instruments and Methods in Physics Research Section A},
  title           = {$H^{-}$ extraction systems for CERN’s Linac4 $H^-$ ion source},
  volume          = {904},
  year            = {2018}
}

@article{ref:Linac4PulseStruct,
  author          = {Masaki Hori, Klaus Hanke},
  journal         = {Journal of Instrumentation},
  number          = {},
  title           = {Spatial and temporal profile monitor with nanosecond resolution for CERN's Linac4},
  volume          = {7},
  year            = {2012}
}

@book{ref:BookAccPhysics,
  author         = {Helmut Wiedemann},
  editor         = {},
  publisher      = {Springer Cham},
  title          = {Particle Accelerator Physics},
  year           = {2015}
}

@book{ref:BookAccPhysics2,
  author         = {D. A. Edwards, M. J. Syphers},
  editor         = {},
  publisher      = {Wiley},
  title          = {An Introduction to the Physics of High Energy       Accelerators},
  year           = {1993}
}

@book{ref:ApproxEqMotion,
  author         = {W. T. Weng, S. R. Mane},
  editor         = {},
  publisher      = {Springfield},
  title          = {Fundamentals of Particle Beam Dynamics and Phase Space},
  year           = {1991}
}

@article{ref:HillEquation,
  author          = {G.W. Hill},
  journal         = {Acta Mathematica},
  number          = {1},
  title           = {On the part of the motion of the lunar perigee which is a function of the mean motions of the sun and moon},
  volume          = {8},
  year            = {1886}
}

@book{ref:MatrixForm,
  author         = {H. Wiedemann},
  editor         = {},
  publisher      = {Springer},
  title          = {Particle Accelerator Physics I},
  year           = {1999}
}

`@misc{ref:MatrixTransport,
  author       = {Y. Papaphilippou},
  title        = {Transverse Motion},
  year         = {2008},
  url          = {https://yannis.web.cern.ch/teaching/transverse.pdf},
  note         = {Presented at US Particle Accelerator School}
}

@article{ref:EmittanceConserv,
  author        = "Buon, Jean",
  title         = "{Beam phase space and emittance; rev. version}",
  reportNumber  = "LAL-RT-90-15-REV, LAL-RT-92-03",
  pages         = "27 p",
  month         = "Feb",
  year          = "1992",
}

@misc{ref:MatrixToTwiss,
  author       = {Mike Syphers, Elvin Harms},
  title        = {Fundamentals of Accelerator Physics and Technology},
  year         = {2018},
  url          = {https://uspas.fnal.gov/materials/18ODU/Fund/index.html},
  note         = {Winter US Particle Accelerator School}
}


% ---------------------------------- %

% Chapter 2: BEAM INSTRUMENTATION. 

@book{ref:BeamInstrumentationBook,
  author         = {Peter Strehl},
  publisher      = {Springer},
  title          = {Beam Instrumentation and Diagnostics},
  year           = {2006}
}

@misc{ref:CASbeamInst,
  author       = {H. Schmickler, et. al},
  title        = {Proceedings on Beam Instrumetnation for Particle Accelerators},
  year         = {2018},
  note         = {CERN Accelerator School Proceedings}
}

@misc{ref:NotesBeamInst,
  author       = {Peter Forck},
  title        = {Lecture Notes on Beam Instrumetation and Diagnostics},
  year         = {2017},
  note         = {Joint Universtiy Accelerator School},
  url          = {https://indico.cern.ch/event/569714/contributions/2303731/attachments/1415057/2166101/juas_script.pdf}
}

@misc{ref:PresentationLBERun,
  author       = {A. Navarro, et. al.},
  howpublished = {LIU Beam Dynamics Coordination meeting},
  title        = {First results of transverse profile measurements from the LBE run},
  year         = {2019}
}

%  ----------------------- CHAPTER 3 --------------------- %

@book{ref:Knoll,
  author         = {G. F. Knoll},
  editor         = {Wiley},
  title          = {Radiation Detection and Measurement},
  year           = {2010}
}

@book{ref:Evans,
  author         = {R. D. Evans},
  editor         = {},
  publisher      = {McGraw-Hill},
  title          = {The atomic Nucleus, Massachusetts institute of technology},
  year           = {1955}
}

@book{ref:avernier,
  author         = {S. Tavernier},
  editor         = {},
  publisher      = {Springer},
  title          = {Experimental Techniques in Nuclear and Particle Physic},
  year           = {2010}
}

@article{ref:Cherenkov,
  author          = {R.E. Jennings},
  journal         = {Science Progress},
  number          = {199},
  title           = {Cerenkov Radiation},
  volume          = {50},
  year            = {1962}
}

@article{ref:Bethe,
  author          = {K. Nakamura et al.},
  title           = {The Review of Particle Physics},
  volume          = {37},
  journal         = {J. Phys.},
  year            = {2011}
}

@article{ref:IonizationEne,
  author          = {International Commission on Radiation Units and Measurements},
  number          = {ICRU--49},
  title           = {Stopping powers and ranges for protons and alpha particles},
  volume          = {26},
  year            = {1993}
}

@misc{ref:TmaxFormula,
  author       = {Prof. Teresa Montaruli, },
  howpublished = {Physics 801: Instrumentations and Methods in Astroparticle Physics.},
  title        = {High Energy Astrophysics Lectures},
  url          = {https://user-web.icecube.wisc.edu/~tmontaruli/801/Exercise4_801.pdf}
}

@misc{ref:NIST,
  author       = {NIST},
  howpublished = {Physical Meas. Laboratory},
  title        = {National Institute of Standards and Technology.},
}

@article{ref:compound1,
  author          = {R.M. Sternheimer, et. al.},
  journal         = {Atomic Data and Nuclear data tables},
  number          = {},
  title           = {The density effect for the ionization loss of charged particles in varius substances},
  volume          = {30},
  year            = {1984}
}

@article{ref:compound2,
  author          = {D.E. Groom and Klein, S.R.},
  journal         = {The European Physical Journal C - Particles and Fields},
  title           = {Passage of particles through matter},
  volume          = {15},
  year            = {2000}
}

@article{ref:EleCricEne,
  author          = { M.J. Berger, S.M. Seltzer},
  journal         = {National aeronautics and space administration report},
  title           = { Tables of energy loses and ranges of electrons and positrons},
  year            = {1964}
}

@misc{ref:BremstutorialG4,
  author       = {Geant4 Tutorial},
  title        = {Bremsstrahlung},
  url          = {https://lappweb.in2p3.fr/~maire/tutorials/bremsstrahlung.pdf},
  year         = {2006}
}

@article{ref:Moliere,
  author          = {E. A. Kuraev, et. al.},
  journal         = {arXiv},
  number          = {},
  title           = {Coulomb Correction to the Screening Angle of the Moliere Multiple Scattering Theory},
  volume          = {},
  year            = {2012}
}

@article{ref:MultipleElec1,
  author          = {S. Goudsmit and J. L. Sounderson},
  journal         = {Phisical review},
  number          = {},
  title           = {Multiple scattering of electrons},
  volume          = {},
  year            = {1939}
}

@article{ref:MultipleElec2,
  author          = {V.L. Highland},
  journal         = {Nuclear Instruments and Methods},
  number          = {},
  title           = {Some practical remarks on multiple scattering.},
  volume          = {},
  year            = {1975}
}

@article{ref:BackScatTheo,
  author          = {Dashen, Roger F.},
  journal         = {Phys. Rev.},
  title           = {Theory of Electron Backscattering},
  volume          = {134},
  year            = {1964}
}

@book{ref:CSDA,
  author         = {Ervin B. Podgorsak},
  publisher      = {Springer Berlin, Heidelberg},
  title          = {Radiation Physics for Medical Physicists},
  year           = {2010}
}

@article{ref:radiationLength,
  author          = {Yung-Su Tsai},
  journal         = {Rev. Mod. Phys},
  title           = {Pair production and bremsstrahlung of charged leptons},
  volume          = {46},
  year            = {1974}
}

@article{ref:see1,
  author          = {L. Austin and H. Starke},
  journal         = {Ann. Physics},
  number          = {},
  title           = {Secondary Electron emission},
  volume          = {9},
  year            = {1902}
}

@article{ref:see2,
  author          = {C. Bouchard and J.D. Carette},
  journal         = {Surface Science},
  number          = {},
  title           = { The surface Potential Barrier in secondary emission from semiconductors.},
  volume          = {100},
  year            = {1980}
}

@article{ref:see3,
  author          = {Ding Zejun, et. al},
  journal         = {Journal of Surface Analysis},
  number          = {},
  title           = {On the energy distribution of Secondary Electrons Emitted from Metals},
  volume          = {15},
  year            = {2008}
}

@article{ref:SEEspectra,
  author          = {D. Hasselkamp and S. Hippler and A. Scharmann},
  journal         = {Nuclear Instruments and Methods in Physics Research Section B},
  number          = {},
  title           = {Ion-induced secondary electron spectra from clean metal surfaces},
  volume          = {18},
  year            = {1986}
}

@article{ref:angleSemi,
  author          = {  W. Dolinski, et al},
  journal         = {Acta Physica Polonica},
  number          = {},
  title           = {Angular distribution of secondary electrons emited from polycrystaline silver.},
  volume          = {81},
  year            = {1991}
}

@article{ref:SEY,
  author          = {E. J. Sternglass},
  journal         = {Physical Review},
  number          = {},
  title           = {Theory of Secondary Electron Emission by High-Speed Ions.},
  volume          = {108},
  year            = {1957}
}

@article{ref:seyAngleEl,
  author          = { R. E. Kirby and F. K. King},
  journal         = {Accelerator Materials},
  number          = {},
  title           = {Secondary Electron Emission Yields},
  volume          = {},
  year            = {2000}
}

@article{ref:SeyVsTemp,
  author          = {E. J. Sternglass},
  journal         = {Phisical Review},
  number          = {},
  title           = {Theory of Secondary Electron Emission by High-Speed Ions},
  volume          = {108},
  year            = {1957}
}

@article{ref:delta1,
  author          = {Bruno Rossi},
  journal         = {New York: Prentice-Hall,},
  number          = {},
  title           = {High-Energy Particles},
  volume          = {},
  year            = {1952}
}

% ---------------------------- CHAPTER 4 ------------------------ %

@misc{ref:Geant4,
  title        = {Geabt4 Official Website, },
  url         = {https://geant4.web.cern.ch/}
}